@article{XSJL201207029,author = {周安  刘景林},title = {新能源汽车对城市节能减排影响的新探索},journal = {学术交流},volume = {},number = {101-105},year = {2012},issn = {1000-8284},}
@article{ STXB201818009, author = { 应紫敏, 吴旭 & 杨武 }, title = {杭州市公交车油改电项目碳排放效益核算}, journal = {生态学报}, volume = {38}, number = {6452-6464}, year = {2018}, issn = {1000-0933}, }

@article{LSTM,
  title={基于 LSTM 多变种模型的岩爆微震参数预测研究},
  author={马佳骥 and 马春驰 and 曾俊 and 邓叶林 and 易聪},
  journal={地下空间与工程学报},
  volume={18},
  number={5},
  year={2016},
  pages={1481--1494}
}

@article{ARIMA,
  title={基于深度学习的节假日高速公路交通流预测方法},
  author={戢晓峰 and 戈艺澄},
  journal={系统仿真学报},
  volume={32},
  number={6},
  pages={1164},
  year={2020}
}

@article{HZ,
  title={杭州市公交车油改电项目碳排放效益核算},
  author={应紫敏 and 吴旭 and 杨武},
  journal={生态学报},
  volume={38},
  number={18},
  pages={6452--6464},
  year={2018}
}

@phdthesis{1234,
  title={电动汽车全生命周期分析及环境效益评价},
  author={李书华},
  year={2014},
  school={长春: 吉林大学}
}


@article{unep2019emissions,
  title={Emissions gap report 2019},
  author={UNEP, N},
  journal={Executive Summary},
  year={2019},
  publisher={United Nations Environment Programme Nairobi}
}

@phdthesis{47,
  title={基于生命周期理论的纯电动汽车碳排放研究},
  author={潘湘源},
  year={2014},
  school={硕士学位论文. 上海: 同济大学}
}