@article{luo2012selective,
  title={Selective pyrolysis of Organosolv lignin over zeolites with product analysis by TG-FTIR},
  author={Luo, Zhongyang and Wang, Shurong and Guo, Xiujuan},
  journal={Journal of Analytical and Applied Pyrolysis},
  volume={95},
  pages={112--117},
  year={2012},
  publisher={Elsevier}
}

@article{pen2013experiments,
  title={Experiments and kinetic analysis on the co-py- rolysis of cellulose and lignin},
  author={Pen, JIN and Bao-xia, LI},
  journal={Chemical Industry and Engineer- ing Progress},
  volume={32},
  number={2},
  pages={303},
  year={2013}
}

@article{gottipati2011kinetic,
  title={A kinetic study on pyrolysis and combustion characteristics of oil cakes: Effect of cellulose and lignin content},
  author={Gottipati, Ramakrishna and Mishra, Susmita},
  journal={Journal of fuel chemistry and technology},
  volume={39},
  number={4},
  pages={265--270},
  year={2011},
  publisher={Elsevier}
}

@article{huang2014density,
  title={A density functional theory study on formation mechanism of CO, CO2 and CH4 in pyrolysis of lignin},
  author={Huang, Jinbao and Liu, Chao and Tong, Hong and Li, Weimin and Wu, Dan},
  journal={Computational and Theoretical Chemistry},
  volume={1045},
  pages={1--9},
  year={2014},
  publisher={Elsevier}
}


